<record><leader>00000cas a2200000 a 4500</leader><controlfield tag="001">8784274</controlfield><controlfield tag="008">820917d18531857iauwr ne      0    0eng  </controlfield><datafield ind1=" " ind2=" " tag="010"><subfield code="a">sn 82014139 </subfield></datafield><datafield ind1=" " ind2=" " tag="040"><subfield code="a">DLC</subfield><subfield code="b">eng</subfield><subfield code="c">DLC</subfield><subfield code="d">NPX</subfield><subfield code="d">DLC</subfield><subfield code="d">NPX</subfield><subfield code="d">INP</subfield><subfield code="d">NPT</subfield><subfield code="d">UNP</subfield><subfield code="d">DLC</subfield><subfield code="d">INP</subfield><subfield code="d">DLC</subfield><subfield code="d">NVG</subfield><subfield code="d">CNW</subfield><subfield code="d">NVG</subfield><subfield code="d">OCL</subfield><subfield code="d">CVF</subfield><subfield code="d">OCL</subfield><subfield code="d">DLC</subfield><subfield code="d">OCLCO</subfield><subfield code="d">OCLCQ</subfield><subfield code="d">OCLCF</subfield></datafield><datafield ind1="1" ind2=" " tag="029"><subfield code="a">AU@</subfield><subfield code="b">000025813400</subfield></datafield><datafield ind1=" " ind2=" " tag="042"><subfield code="a">pcc</subfield></datafield><datafield ind1=" " ind2=" " tag="043"><subfield code="a">n-us-ia</subfield></datafield><datafield ind1="0" ind2="0" tag="050"><subfield code="a">Newspaper</subfield></datafield><datafield ind1="0" ind2=" " tag="130"><subfield code="a">Council Bluffs bugle (Council Bluffs, Iowa : 1853)</subfield></datafield><datafield ind1="1" ind2="0" tag="245"><subfield code="a">Council Bluffs bugle.</subfield></datafield><datafield ind1="1" ind2=" " tag="246"><subfield code="i">Title in publisher's box:</subfield><subfield code="a">Semi-weekly bugle,</subfield><subfield code="f">Apr. 13-Dec. 25, 1855</subfield></datafield><datafield ind1=" " ind2=" " tag="260"><subfield code="a">City of Council Bluffs, Iowa :</subfield><subfield code="b">Joseph E. Johnson,</subfield><subfield code="c">-1857.</subfield></datafield><datafield ind1=" " ind2=" " tag="300"><subfield code="a">v.</subfield></datafield><datafield ind1=" " ind2=" " tag="310"><subfield code="a">Weekly,</subfield><subfield code="b">May 1, 1855-June 23, 1857</subfield></datafield><datafield ind1=" " ind2=" " tag="321"><subfield code="a">Weekly,</subfield><subfield code="b">&lt;Nov. 16, 1853&gt;-Dec. 28, 1853</subfield></datafield><datafield ind1=" " ind2=" " tag="321"><subfield code="a">Semiweekly,</subfield><subfield code="b">Jan. 4, 1854-Apr. 27, 1855</subfield></datafield><datafield ind1="1" ind2=" " tag="362"><subfield code="a">Began in 1853.</subfield></datafield><datafield ind1="0" ind2=" " tag="362"><subfield code="a">-v. 7, no. 10 (June 23, 1857).</subfield></datafield><datafield ind1=" " ind2=" " tag="500"><subfield code="a">Issues for Jan. 4, 1854-July 10, 1855 have subtitle: Semi-weekly. This subtitle was maintained from May 1-July 10, 1855 despite the change in periodicity from semiweekly to weekly with the issue of May 1, 1855.</subfield></datafield><datafield ind1=" " ind2=" " tag="515"><subfield code="a">Issues for Jan. 4, 1854-Mar. 23, 1855 also called whole no. 89-103 [i.e. 203].</subfield></datafield><datafield ind1=" " ind2=" " tag="515"><subfield code="a">Issues for Mar. 12-23, 1855 called whole no. 100-103 but constitute whole no. 200-203.</subfield></datafield><datafield ind1=" " ind2=" " tag="515"><subfield code="a">Vol. 5, no. [18] (July 17, 1855)-v. 5, no. [44] (Jan. 8, 1856) misnumbered Vol. 5, no. 19-43.</subfield></datafield><datafield ind1=" " ind2=" " tag="515"><subfield code="a">Issue for Jan. 5, 1855 misdated Jan. 2, 1855.</subfield></datafield><datafield ind1=" " ind2=" " tag="530"><subfield code="a">Also issued on microfilm from the Library of Congress, Photoduplication Service.</subfield></datafield><datafield ind1=" " ind2=" " tag="588"><subfield code="a">Description based on: Vol. 2, no. 30 (Nov. 16, 1853).</subfield></datafield><datafield ind1=" " ind2="0" tag="651"><subfield code="a">Council Bluffs (Iowa)</subfield><subfield code="v">Newspapers.</subfield></datafield><datafield ind1=" " ind2="7" tag="655"><subfield code="a">Newspapers.</subfield><subfield code="2">fast</subfield><subfield code="0">(OCoLC)fst01423814</subfield></datafield><datafield ind1=" " ind2="7" tag="651"><subfield code="a">Iowa</subfield><subfield code="z">Council Bluffs.</subfield><subfield code="2">fast</subfield><subfield code="0">(OCoLC)fst01224198</subfield></datafield><datafield ind1=" " ind2=" " tag="752"><subfield code="a">United States</subfield><subfield code="b">Iowa</subfield><subfield code="c">Pottawattamie</subfield><subfield code="d">Council Bluffs.</subfield></datafield><datafield ind1="0" ind2="0" tag="780"><subfield code="t">Western bugle</subfield><subfield code="w">(DLC)sn 82015851</subfield><subfield code="w">(OCoLC)8814931</subfield></datafield><datafield ind1="0" ind2="5" tag="780"><subfield code="t">Omaha arrow</subfield><subfield code="w">(DLC)sn 84020246</subfield></datafield><datafield ind1="0" ind2="0" tag="785"><subfield code="t">Weekly Council Bluffs bugle</subfield><subfield code="w">(DLC)sn 82014138</subfield><subfield code="w">(OCoLC)8784249</subfield></datafield></record>